

@article{Sottile2016,
    author =       "Sottile et al., G. ",
    title =        "{ASTRI SST-2M camera electronics}",
    journal =      "Proc. SPIE",
    volume =       " 9906",
    number =       "99063D",
    pages =        "",
    year =         "2016",
    DOI =          "10.1117/12.2232464"
}
@article{Catalano2018,
    author =       "Catalano et al., O. ",
    title =        "{The ASTRI camera for the Cherenkov Telescope Array}",
    journal =      "Proc. SPIE",
    volume =       " 10702",
    number =       "1070237",
    pages =        "",
    year =         "2018",
    DOI =          "10.1117/12.2314984"
}

@ARTICLE{Impiombato2016
       author = {{Impiombato}, D. and {Catalano}, O. and {Giarrusso}, S. and {Mineo}, T. and
         {La Rosa}, G. and {Gargano}, C. and {Sangiorgi}, P. and {Segreto}, A. and
         {Sottile}, G. and {Bonanno}, G. and {Garozzo}, S. and {Grillo}, A. and
         {Marano}, D. and {Romeo}, G. and {Gimenes}, R.},
        title = "{Procedures for the relative calibration of the SiPM gain on ASTRI SST-2M camera}",
      journal = {Experimental Astronomy},
     keywords = {Front-End, ASIC for SiPM, ASTRI, CTA, Astrophysics - Instrumentation and Methods for Astrophysics},
         year = 2017,
        month = feb,
       volume = {43},
       number = {1},
        pages = {1-17},
          doi = {10.1007/s10686-016-9516-z},
archivePrefix = {arXiv},
       eprint = {1612.02186},
 primaryClass = {astro-ph.IM},
       adsurl = {https://ui.adsabs.harvard.edu/abs/2017ExA....43....1I},
      adsnote = {Provided by the SAO/NASA Astrophysics Data System}
}



